@inproceedings{ver2012information,
  title={Information transfer in social media},
  author={Ver Steeg, Greg and Galstyan, Aram},
  booktitle={Proc. 21st Int'l World Wide Web Conf.},
  pages={509--518},
  year={2012},
  organization={ACM}
}

@incollection{shalizi2007discovering,
  title={Discovering functional communities in dynamical networks},
  author={Shalizi, Cosma Rohilla and Camperi, Marcelo F and Klinkner, Kristina Lisa},
  booktitle={Statistical network analysis: Models, issues, and new directions},
  pages={140--157},
  year={2007},
  publisher={Springer}
}

@book{kolaczyk2009statistical,
  title={Statistical analysis of network data: methods and models},
  author={Kolaczyk, Eric D},
  year={2009},
  publisher={Springer}
}

@article{fortunato2010community,
  title={Community detection in graphs},
  author={Fortunato, Santo},
  journal={Physics Reports},
  volume={486},
  number={3},
  pages={75--174},
  year={2010},
  publisher={Elsevier}
}

@article{holland1983stochastic,
  title={Stochastic blockmodels: First steps},
  author={Holland, Paul W and Laskey, Kathryn Blackmond and Leinhardt, Samuel},
  journal={Social networks},
  volume={5},
  number={2},
  pages={109--137},
  year={1983},
  publisher={Elsevier}
}

@article{cover1994elements,
  title={Elements of information theory},
  author={Cover, Thomas M and Thomas, Joy A and Kieffer, John},
  journal={SIAM Review},
  volume={36},
  number={3},
  pages={509--510},
  year={1994},
  publisher={Philadelphia, Society for Industrial and Applied Mathematics.}
}

@article{paninski2003estimation,
  title={Estimation of entropy and mutual information},
  author={Paninski, Liam},
  journal={Neural Computation},
  volume={15},
  number={6},
  pages={1191--1253},
  year={2003},
  publisher={MIT Press}
}